<?xml version="1.0" encoding="UTF-8"?>
<record xmlns="http://www.loc.gov/MARC21/slim">
   <leader>02457cam a2200433 a 4500</leader>
   <controlfield tag="001">193115</controlfield>
   <controlfield tag="003">NjP</controlfield>
   <controlfield tag="005">20190705135733.0</controlfield>
   <controlfield tag="008">831130m19789999ir            000 0 ara d</controlfield>
   <datafield tag="024" ind1="7" ind2=" ">
      <subfield code="a">princeton_aco004102</subfield>
      <subfield code="2">local</subfield>
   </datafield>
   <datafield ind1=" " ind2=" " tag="040">
      <subfield code="a">NjP</subfield>
      <subfield code="c">PUL</subfield>
      <subfield code="d">PUL</subfield>
   </datafield>
   <datafield ind1=" " ind2=" " tag="035">
      <subfield code="a">(CStRLIN)NJPG83-B79831</subfield>
   </datafield>
   <datafield ind1=" " ind2=" " tag="035">
      <subfield code="9">ABA8035TS</subfield>
   </datafield>
   <datafield ind1=" " ind2=" " tag="035">
      <subfield code="a">(NjP)193115</subfield>
   </datafield>
   <datafield ind1=" " ind2=" " tag="049">
      <subfield code="a">PULL</subfield>
   </datafield>
   <datafield ind1=" " ind2=" " tag="035">
      <subfield code="a">(OCoLC)ocm80636800</subfield>
   </datafield>
   <datafield ind1="1" ind2=" " tag="100">
      <subfield code="6">880-01</subfield>
      <subfield code="a">Ilyāsī, ʻAbd Allāh.</subfield>
   </datafield>
   <datafield ind1="1" ind2="0" tag="240">
      <subfield code="6">880-02</subfield>
      <subfield code="a">Bayān al-maṭālib fī sharḥ al-Makāsib</subfield>
   </datafield>
   <datafield ind1="1" ind2="3" tag="245">
      <subfield code="6">880-03</subfield>
      <subfield code="a">al-Mujallad al-awwal[-al-ʻāshir] min Kitāb bayān al-maṭālib fī sharḥ al-Makāsib /</subfield>
      <subfield code="c">li-muʼallifihi ʻAbd Allāh Ilyāsī ; bi-khaṭṭ ʻAbd al-Raḥīm Afshār al-Zanjānī.</subfield>
   </datafield>
   <datafield ind1=" " ind2=" " tag="260">
      <subfield code="6">880-04</subfield>
      <subfield code="a">Qum, Īrān :</subfield>
      <subfield code="b">Maktabat al-Muṣṭafawī,</subfield>
      <subfield code="c">1398- [1978]-</subfield>
   </datafield>
   <datafield ind1=" " ind2=" " tag="300">
      <subfield code="a">v. ;</subfield>
      <subfield code="c">25 cm.</subfield>
   </datafield>
   <datafield ind1="1" ind2="0" tag="600">
      <subfield code="6">880-05</subfield>
      <subfield code="a">Anṣārī, Murtaḍá ibn Muḥammad Amīn,</subfield>
      <subfield code="d">1799 or 1800-1864.</subfield>
      <subfield code="t">Makāsib.</subfield>
      <subfield code="0">http://id.loc.gov/authorities/names/nr92032238</subfield>
   </datafield>
   <datafield ind1=" " ind2="0" tag="650">
      <subfield code="a">Profit</subfield>
      <subfield code="x">Religious aspects</subfield>
      <subfield code="x">Islam.</subfield>
   </datafield>
   <datafield ind1=" " ind2="0" tag="650">
      <subfield code="a">Commercial law (Islamic law)</subfield>
      <subfield code="0">http://id.loc.gov/authorities/subjects/sh85028946</subfield>
   </datafield>
   <datafield ind1="1" ind2="2" tag="700">
      <subfield code="6">880-06</subfield>
      <subfield code="a">Anṣārī, Murtaḍá ibn Muḥammad Amīn,</subfield>
      <subfield code="d">1799 or 1800-1864.</subfield>
      <subfield code="t">Makāsib.</subfield>
      <subfield code="f">1978.</subfield>
      <subfield code="0">http://id.loc.gov/authorities/names/n85281173</subfield>
   </datafield>
   <datafield ind1="0" ind2=" " tag="740">
      <subfield code="6">880-07</subfield>
      <subfield code="a">Bayān al-maṭālib fī sharḥ al-Makāsib.</subfield>
   </datafield>
   <datafield ind1="0" ind2=" " tag="740">
      <subfield code="6">880-08</subfield>
      <subfield code="a">Kitāb bayān al-maṭālib fī sharḥ al-Makāsib.</subfield>
   </datafield>
   <datafield ind1="1" ind2=" " tag="880">
      <subfield code="6">100-01/r</subfield>
      <subfield code="a">الياسي، عبد الله.</subfield>
   </datafield>
   <datafield ind1="1" ind2="0" tag="880">
      <subfield code="6">240-02/r</subfield>
      <subfield code="a">بيان المطالب في شرح المكاسب</subfield>
   </datafield>
   <datafield ind1="1" ind2="2" tag="880">
      <subfield code="6">245-03/r</subfield>
      <subfield code="a">المجلد الاول[العاشر] من كتاب بيان المطالب في شرح المكاسب /</subfield>
      <subfield code="c">لمؤلفه عبد الله الياسي ؛ بخط عبد الرحيم افشار الزنجاني.</subfield>
   </datafield>
   <datafield ind1=" " ind2=" " tag="880">
      <subfield code="6">260-04/r</subfield>
      <subfield code="a">قم، ايران :</subfield>
      <subfield code="b">مكتبة المصطفوي،</subfield>
      <subfield code="c">1398- [1978]</subfield>
   </datafield>
   <datafield ind1="1" ind2="0" tag="880">
      <subfield code="6">600-05/r</subfield>
      <subfield code="a">انصاري، مرتضى بن محمد امين،</subfield>
      <subfield code="d">1799 or 1800-1864.</subfield>
      <subfield code="t">مكاسب.</subfield>
   </datafield>
   <datafield ind1="1" ind2="2" tag="880">
      <subfield code="6">700-06/r</subfield>
      <subfield code="a">انصاري، مرتضى بن محمد امين،</subfield>
      <subfield code="d">1799 or 1800-1864.</subfield>
      <subfield code="t">مكاسب.</subfield>
      <subfield code="f">1978.</subfield>
   </datafield>
   <datafield ind1="0" ind2=" " tag="880">
      <subfield code="6">740-07/r</subfield>
      <subfield code="a">بيان المطالب في شرح المكاسب.</subfield>
   </datafield>
   <datafield ind1="0" ind2=" " tag="880">
      <subfield code="6">740-08/r</subfield>
      <subfield code="a">كتاب بيان المطالب في شرح المكاسب.</subfield>
   </datafield>
   <datafield ind1=" " ind2=" " tag="998">
      <subfield code="a">05/17/94</subfield>
      <subfield code="s">9118</subfield>
      <subfield code="n">NjP</subfield>
      <subfield code="w">NJPG83B79831</subfield>
      <subfield code="d">11/30/83</subfield>
      <subfield code="c">JEB</subfield>
      <subfield code="b">KC</subfield>
      <subfield code="i">940517</subfield>
      <subfield code="l">NJPG</subfield>
   </datafield>
   <datafield ind1=" " ind2=" " tag="911">
      <subfield code="a">19940526</subfield>
   </datafield>
   <datafield ind1=" " ind2=" " tag="912">
      <subfield code="a">19980512050738.0</subfield>
   </datafield>
   <datafield ind1=" " ind2=" " tag="994">
      <subfield code="a">C0</subfield>
      <subfield code="b">PUL</subfield>
   </datafield>
   <datafield ind1=" " ind2=" " tag="999">
      <subfield code="a">193115</subfield>
   </datafield>
   <datafield ind1=" " ind2=" " tag="979">
      <subfield code="a">(OCoLC)ocn175411803</subfield>
   </datafield>
   <datafield ind1="8" ind2="1" tag="852">
      <subfield code="0">212404</subfield>
      <subfield code="b">rcppa</subfield>
      <subfield code="t">1</subfield>
      <subfield code="h">2264.1185.7385</subfield>
      <subfield code="x">tr fr f</subfield>
   </datafield>
   <datafield ind1=" " ind2="0" tag="866">
      <subfield code="0">212404</subfield>
      <subfield code="8">0</subfield>
      <subfield code="x">DESIGNATOR: al-Mujallad</subfield>
   </datafield>
   <datafield ind1=" " ind2="0" tag="866">
      <subfield code="0">212404</subfield>
      <subfield code="8">0</subfield>
      <subfield code="a">mujallad 1-mujallad 10 (published in 1418 [1997])</subfield>
   </datafield>
   <datafield ind1=" " ind2=" " tag="959">
      <subfield code="a">2000-06-13 00:00:00 -0400</subfield>
   </datafield>
</record>
